@misc{rstensorflow2017,
	title={ {RSTensorFlow}: GPU Enabled TensorFlow for Deep Learning on Commodity Android Devices},
	url={https://nesl.github.io/RSTensorFlow},
	note={Software available from nesl.github.io},
	author={Moustafa Alzantot and Yingnan Wang and Zhengshuang Ren and Mani B. Srivastava},
	year={2017},
	howpublished={1st International Workshop on Deep Learning for Mobile Systems and Applications}  
}

@misc{deepsense2016,
	title={ {DeepSense}: A GPU-based Deep Convolutional Neural Network Framework on Commodity Mobile Devices},
	author={Loc N. Huynh and Rajesh K. Balan and Youngki Lee},
	year={2016}, 
	howpublished={2016 Workshop on Wearable Systems and Applications}
}

@misc{deepmon2017,
	title={ {DeepMon}: Mobile GPU-based Deep Learning Framework for Continuous Vision Applications},
	author={Loc N. Huynh and Youngki Lee and Rajesh Krishna Balan},
	year={2017}, 
	howpublished={15th Annual International Conference on Mobile Systems, Applications, and Services}
}

@misc{deepear2015,
	title={ {DeepEar}: Robust Smartphone Audio Sensing in Unconstrained Acoustic Environments using Deep Learning},
	author={Nicholas D. Lane and Petko Georgiev and Lorena Qendro},
	year={2015}, 
	howpublished={15th Annual International Conference on Mobile Systems, Applications, and Services}
}

@misc{conv2d-optimizing-unfolding,
	title={{High Performance} Convolutional Neural Networks for Document Processing},
	author={Chellapilla, K. and Puri, S. and Simard, P},
	year={2006},
	url={http://www.suvisoft.com},
	howpublished={Tenth International Workshop on Frontiers in Handwriting Recognition, La Baule (France)}
}

@inproceedings{Rajbhandari:2017:OCM:3037697.3037745,
	author = {Rajbhandari, Samyam and He, Yuxiong and Ruwase, Olatunji and Carbin, Michael and Chilimbi, Trishul},
	title = {Optimizing CNNs on Multicores for Scalability, Performance and Goodput},
	booktitle = {Proceedings of the Twenty-Second International Conference on Architectural Support for Programming Languages and Operating Systems},
	series = {ASPLOS '17},
	year = {2017},
	isbn = {978-1-4503-4465-4},
	location = {Xi'an, China},
	pages = {267--280},
	numpages = {14},
	url = {http://doi.acm.org/10.1145/3037697.3037745},
	doi = {10.1145/3037697.3037745},
	acmid = {3037745},
	publisher = {ACM},
	address = {New York, NY, USA},
	keywords = {avx, convolution kernel generation, convolution neural network, convolution with sparsity, cpu, cpu optimization, deep learning, optimizing convolution, parallel gemm, simd, sparsity},
}

@misc{stanford-CS231n,
	title={{}},
	url={http://cs231n.github.io/convolutional-networks/},
	note={Zuletzt besucht: 16.11.2017},
	author={Fei-Fei Li and Justin Johnson and Serena Yeung},
	year={2017}
}

@article{bspSpracherkennung, 
	author    = {Alex Graves and Abdel{-}rahman Mohamed and Geoffrey E. Hinton},
	title     = {Speech Recognition with Deep Recurrent Neural Networks},
	journal   = {CoRR},
	volume    = {abs/1303.5778},
	year      = {2013},
	url       = {http://arxiv.org/abs/1303.5778},
	archivePrefix = {arXiv},
	eprint    = {1303.5778},
	timestamp = {Wed, 07 Jun 2017 14:43:10 +0200},
	biburl    = {http://dblp.org/rec/bib/journals/corr/abs-1303-5778},
	bibsource = {dblp computer science bibliography, http://dblp.org}
}

@inproceedings{bspObjekterkennung,
	author = {Krizhevsky, Alex and Sutskever, Ilya and Hinton, Geoffrey E.},
	title = {ImageNet Classification with Deep Convolutional Neural Networks},
	booktitle = {Proceedings of the 25th International Conference on Neural Information Processing Systems - Volume 1},
	series = {NIPS'12},
	year = {2012},
	location = {Lake Tahoe, Nevada},
	pages = {1097--1105},
	numpages = {9},
	url = {http://dl.acm.org/citation.cfm?id=2999134.2999257},
	acmid = {2999257},
	publisher = {Curran Associates Inc.},
	address = {USA},
} 

@misc{opencl,
	title={{OpenCL}},
	url={https://www.khronos.org/opencl/},
	note={Zuletzt besucht: 06.12.2017}
}
@misc{vulkan,
	title={{Vulkan}},
	url={https://www.khronos.org/vulkan/},
	note={Zuletzt besucht: 06.12.2017}
}
@misc{renderscript,
	title={{RenderScript}},
	url={https://developer.android.com/guide/topics/renderscript/compute.html},
	note={Zuletzt besucht: 06.12.2017}
}

@misc{eigenlibrary,
	title = {{Eigen}},
	url = {http://eigen.tuxfamily.org/index.php?title=Main_Page}, 
	note = {Zuletzt besucht: 06.12.2017}
}

@inproceedings{cnndroid2016,
	author = {Latifi Oskouei, Seyyed Salar and Golestani, Hossein and Hashemi, Matin and Ghiasi, Soheil},
	title = {CNNdroid: GPU-Accelerated Execution of Trained Deep Convolutional Neural Networks on Android},
	booktitle = {Proceedings of the 2016 ACM on Multimedia Conference},
	series = {MM '16},
	year = {2016},
	location = {Amsterdam, The Netherlands},
	pages = {1201--1205}
}

@misc{tensorflow, 
	title={{TensorFlow}},
	url={https://tensorflow.org},
	note={Zuletzt besucht: 06.12.2017}
}

@misc{tensorflowgithub, 
	title={{TensorFlow - GitHub Repository}},
	url={https://github.com/tensorflow/tensorflow},
	note={Zuletzt besucht: 06.12.2017}
}

@misc{rstfengelmi, 
	title={{RSTensorFlow - GitHub Repository}},
	author = {Michael Engel},
	url={https://github.com/engelmi/tensorflow},
	note={Zuletzt besucht: 06.12.2017}
}

@article{googleinception, 
	author = {Christian Szegedy and Wei Liu and Yangqing Jia and Pierre Sermanet and Scott E. Reed and Dragomier Anguelov and Dumitru Erhan and Vincent Vanhoucke and Andrew Rabinovich}, 
	title = {Going deeper with Convolutions}, 
	journal = {CoRR}, 
	volume = {abs/1409.4842},
	year = {2014},
	url = {http://arxiv.org/abs/1409.4842}, 
	archivePrefix = {arXiv},
	eprint = {1409.4842},
	timestamp = {Wed, 07 Jun 2017 14:40:42 +0200},
	biburl = {http://dblp.org/rec/bib/journals/corr/SzegedyLJSRAEVR14},
	bibsource = {dblp computer science bibliography, http://dblp.org}
}

@misc{stanford-conv,
	author = {Andrej Karpathy},
	institution = {Stanford University},
	title = {Convolutional Neural Networks (CNNs / ConvNets)},
	url = {http://cs231n.github.io/convolutional-networks/}	
}